@book{schoning2013satisfiability,
  title={The Satisfiability Problem: Algorithms and Analyses},
  author={Sch{\"o}ning, Uwe and Tor{\'a}n, Jacobo},
  volume={3},
  year={2013},
  publisher={Lehmanns media}
}

@inproceedings{moser2009constructive,
  title={A constructive proof of the Lov{\'a}sz local lemma},
  author={Moser, Robin},
  booktitle={Proceedings of the forty-first annual ACM symposium on Theory of computing},
  pages={343--350},
  year={2009}
}

@book{moser2013exact,
  title={Exact Algorithms for Constraint Satisfaction Problems},
  author={Moser, Robin},
  pages={17--45},
  year={2013},
  publisher={Logos Verlag Berlin GmbH}
}

@inproceedings{erdos1973problems,
  title={Problems and results on 3-chromatic hypergraphs and some related questions},
  author={Erd{\H{o}}s, Paul and Lov{\'a}sz, L{\'a}szl{\'o}},
  booktitle={Colloquia Mathematica Societatis Janos Bolyai 10. Infinite And Finite Sets, Keszthely (Hungray)},
  year={1973},
  organization={Citeseer}
}

@incollection{tseitin1983complexity,
  title={On the complexity of derivation in propositional calculus},
  author={Tseitin, Grigori S},
  booktitle={Automation of reasoning},
  pages={466--483},
  year={1983},
  publisher={Springer}
}

@article{spencer1977asymptotic,
  title={Asymptotic lower bounds for Ramsey functions},
  author={Spencer, Joel},
  journal={Discrete Mathematics},
  volume={20},
  pages={69--76},
  year={1977},
  publisher={Elsevier}
}
@article{horn1951sentences,
  title={On sentences which are true of direct unions of algebras},
  author={Horn, Alfred},
  journal={The Journal of Symbolic Logic},
  volume={16},
  number={1},
  pages={14--21},
  year={1951},
  publisher={Cambridge University Press}
}
@incollection{hall2009representatives,
  title={On representatives of subsets},
  author={Hall, Philip},
  booktitle={Classic Papers in Combinatorics},
  pages={58--62},
  year={2009},
  publisher={Springer}
}

@article{hertli20143,
  title={3-SAT Faster and Simpler---Unique-SAT Bounds for PPSZ Hold in General},
  author={Hertli, Timon},
  journal={SIAM Journal on Computing},
  volume={43},
  number={2},
  pages={718--729},
  year={2014},
  publisher={SIAM}
}

@article{paturi2005improved,
  title={An improved exponential-time algorithm for k-SAT},
  author={Paturi, Ramamohan and Pudl{\'a}k, Pavel and Saks, Michael E and Zane, Francis},
  journal={Journal of the ACM (JACM)},
  volume=52,
  number=3,
  pages={337--364},
  year=2005,
  publisher={ACM New York, NY, USA}
}

@inproceedings{paturi1997satisfiability,
  title={Satisfiability coding lemma},
  author={Paturi, Ramamohan and Pudl{\'a}k, Pavel and Zane, Francis},
  booktitle={Proceedings 38th Annual Symposium on Foundations of Computer Science},
  pages={566--574},
  year={1997},
  organization={IEEE}
}

@article{tichy2006clause,
  title={Clause learning in sat},
  author={Tichy, Richard and Glase, Thomas},
  journal={University of Potsdam},
  year={2006},
  publisher={Citeseer}
}

@article{zhang2001efficient,
  title={Efficient conflict driven learning in a boolean satisfiability solver},
  author={Zhang, Lintao and Madigan, Conor F and Moskewicz, Matthew H and Malik, Sharad},
  booktitle={IEEE/ACM International Conference on Computer Aided Design. ICCAD 2001. IEEE/ACM Digest of Technical Papers (Cat. No. 01CH37281)},
  pages={279--285},
  year={2001},
  organization={IEEE}
}


@MISC{49593,
    TITLE = {Find hamilton cycle in a directed graph reduced to sat problem},
    AUTHOR = {Dor Cohen},
    HOWPUBLISHED = {Computer Science Stack Exchange},
    url = {https://cs.stackexchange.com/q/49593 (version: 2016-07-29)},
}

@MISC{Hamilton,
    TITLE = {“Hamiltonian” path using Python},
    AUTHOR = {Dmitry Sergeev},
    HOWPUBLISHED = {Computer Science Stack Overflow},
    url = {https://stackoverflow.com/questions/47982604/hamiltonian-path-using-python (version: 2020-06-23)},
}




@article{marques1999grasp,
  title={GRASP: A search algorithm for propositional satisfiability},
  author={Marques-Silva, Jo{\~a}o P and Sakallah, Karem A},
  journal={IEEE Transactions on Computers},
  volume={48},
  number={5},
  pages={506--521},
  year={1999},
  publisher={IEEE}
}
@book{marek2009introduction,
  title={Introduction to mathematics of satisfiability},
  author={Marek, Victor W},
  year={2009},
  publisher={CRC Press}
}

@book{arora2009computational,
  title={Computational complexity: a modern approach},
  author={Arora, Sanjeev and Barak, Boaz},
  year={2009},
  publisher={Cambridge University Press}
}


@book{hopcroft2007introduction,
  title={Introduction to automata theory, languages, and computation},
  author={Hopcroft, John E and Motwani, Rajeev and Ullman, Jeffrey D},
  year={2007},
  publisher={Pearson},
  chapter={8}
}

@inproceedings{imms-sat18,
  author    = {Alexey Ignatiev and
               Antonio Morgado and
               Joao Marques{-}Silva},
  title     = {{PySAT:} {A} {Python} Toolkit for Prototyping
               with {SAT} Oracles},
  booktitle = {SAT},
  pages     = {428--437},
  year      = {2018},
  url       = {https://doi.org/10.1007/978-3-319-94144-8_26},
  doi       = {10.1007/978-3-319-94144-8_26}
}



@article{impagliazzo2001complexity,
  title={On the complexity of k-SAT},
  author={Impagliazzo, Russell and Paturi, Ramamohan},
  journal={Journal of Computer and System Sciences},
  volume={62},
  number={2},
  pages={367--375},
  year={2001},
  publisher={Elsevier}
}

@article{sakallah2009symmetry,
  title={Symmetry and Satisfiability.},
  author={Sakallah, Karem A},
  journal={Handbook of Satisfiability},
  volume={185},
  pages={289--338},
  year={2009}
}

@inproceedings{dantsin2000deterministic,
  title={Deterministic algorithms for k-SAT based on covering codes and local search},
  author={Dantsin, Evgeny and Goerdt, Andreas and Hirsch, Edward A and Sch{\"o}ning, Uwe},
  booktitle={International Colloquium on Automata, Languages, and Programming},
  pages={236--247},
  year={2000},
  organization={Springer}
}


@article{gomes2009exploiting,
  title={Exploiting Runtime Variation in Complete Solvers.},
  author={Gomes, Carla P and Sabharwal, Ashish},
    journal={Handbook of Satisfiability},
    chapter={9},
  year={2009}
}
@inproceedings{schoning1999probabilistic,
  title={A probabilistic algorithm for k-SAT and constraint satisfaction problems},
  author={Schoning, T},
  booktitle={40th Annual Symposium on Foundations of Computer Science (Cat. No. 99CB37039)},
  pages={410--414},
  year={1999},
  organization={IEEE}
}


@book{mackay2003information,
  title={Information theory, inference and learning algorithms},
  author={MacKay, David JC and Mac Kay, David JC},
  year={2003},
  publisher={Cambridge university press},
  chapter={1},
  pages={2--15},
  url={https://web.archive.org/web/20160304062221/http://www.inference.phy.cam.ac.uk/itprnn/book.pdf}
}

@inproceedings{moser2011full,
  title={A full derandomization of sch{\"o}ning's k-SAT algorithm},
  author={Moser, Robin A and Scheder, Dominik},
  booktitle={Proceedings of the forty-third annual ACM symposium on Theory of computing},
  pages={245--252},
  year={2011}
}

@article{darwiche2009complete,
  title={Complete Algorithms.},
  author={Darwiche, Adnan and Pipatsrisawat, Knot},
  journal={Handbook of Satisfiability},
  volume={185},
  number={99-130},
  pages={142},
  year={2009}
}
@article{lammich2020efficient,
  title={Efficient verified (UN) SAT certificate checking},
  author={Lammich, Peter},
  journal={Journal of Automated Reasoning},
  volume={64},
  number={3},
  pages={513--532},
  year={2020},
  publisher={Springer}
}

@article{cook2006p,
  title={The P versus NP problem},
  author={Cook, Stephen},
  journal={The millennium prize problems},
  pages={87--104},
  year={2006},
  url={https://www.claymath.org/millennium-problems/p-vs-np-problem}
}


@inproceedings{cook1971complexity,
  title={The complexity of theorem-proving procedures},
  author={Cook, Stephen A},
  booktitle={Proceedings of the third annual ACM symposium on Theory of computing},
  pages={151--158},
  year=1971
}


@MISC{cvlevincook,
title = {Leonid Levint Curriculum Vitae},
author = {Leonid Levin},
url = {http://www.cs.bu.edu/fac/lnd/research/curv.htm}
}

@incollection{hartmanis1993godel,
  title={Gödel’s Lost Letter and P=NP},
  author={Lipton,  Dick },
  url={https://rjlipton.wordpress.com/about-me/}
}

@article{prestwich2009cnf,
  title={CNF Encodings.},
  author={Prestwich, Steven David},
  journal={Handbook of satisfiability},
  volume={185},
  pages={75--97},
  year={2009}
}

@report{fortin1996graph,
  title={The graph isomorphism problem},
  author={Fortin, Scott},
  url={https://doi.org/10.7939/R3SX64C5K},
  year={1996}
}

@article{babai1979monte,
  title={Monte-Carlo algorithms in graph isomorphism testing},
  author={Babai, L{\'a}szl{\'o}},
  journal={Universit{\'e} tde Montr{\'e}al Technical Report, DMS},
  number={79-10},
  year={1979}
}


@article{creignou1996complexity,
  title={Complexity of generalized satisfiability counting problems},
  author={Creignou, Nadia and Hermann, Miki},
  journal={Information and computation},
  volume={125},
  number={1},
  pages={1--12},
  year={1996},
  publisher={Elsevier}
}

@article{papadimitriou1985games,
  title={Games against nature},
  author={Papadimitriou, Christos H},
  journal={Journal of Computer and System Sciences},
  volume={31},
  number={2},
  pages={288--301},
  year={1985},
  publisher={Elsevier}
}
@article{majercik2009stochastic,
  title={Stochastic Boolean Satisfiability.},
  author={Majercik, Stephen M},
  journal={Handbook of satisfiability},
  volume={185},
  pages={887--925},
  year={2009}
}

@article{franco2009history,
  title={A History of Satisfiability.},
  author={Franco, John and Martin, John},
  journal={Handbook of satisfiability},
  volume={185},
  pages={3--74},
  year={2009},
  section={27}
}
 @inproceedings{schoning2007note,
  title={A note on the size of Craig interpolants},
  author={Sch{\"o}ning, Uwe and Tor{\'a}n, Jacobo},
  booktitle={Dagstuhl Seminar Proceedings},
  year={2007},
  organization={Schloss Dagstuhl-Leibniz-Zentrum f{\"u}r Informatik}
}
@inproceedings{sinz2009problem,
  title={Problem-sensitive restart heuristics for the DPLL procedure},
  author={Sinz, Carsten and Iser, Markus},
  booktitle={International Conference on Theory and Applications of Satisfiability Testing},
  pages={356--362},
  year={2009},
  organization={Springer}
}

@book{stallman2002free,
  title={Free software, free society: Selected essays of Richard M. Stallman},
  author={Stallman, Richard},
  year={2002},
  publisher={Lulu. com}
}

@book{slatkin2019effective,
  title={Effective Python: 90 Specific Ways to Write Better Python},
  author={Slatkin, Brett},
  year={2019},
  publisher={Addison-Wesley Professional}
}


@online{graphAdvanced,
  title = {Python Advanced Course Topics, Graphs in Python},
  url = {https://www.python-course.eu/graphs_python.php},
  urldate = {2020-06-23}
}


@online{NPDatalog,
  title = {NPDatalog Main page},
  url = {http://wwwinfo.deis.unical.it/npdatalog/},
  urldate = {2020-06-23}
}

@inproceedings{bertot2008short,
  title={A short presentation of Coq},
  author={Bertot, Yves},
  booktitle={International Conference on Theorem Proving in Higher Order Logics},
  pages={12--16},
  year={2008},
  organization={Springer}
}

@book{goldblatt2014topoi,
  title={Topoi: the categorial analysis of logic},
  author={Goldblatt, Robert},
  year={2014},
  publisher={Elsevier}
}

@incollection{karp1972reducibility,
  title={Reducibility among combinatorial problems},
  author={Karp, Richard M},
  booktitle={Complexity of computer computations},
  pages={85--103},
  year={1972},
  publisher={Springer}
}
@article{lanctot2003distinguishing,
  title={Distinguishing string selection problems},
  author={Lanctot, J Kevin and Li, Ming and Ma, Bin and Wang, Shaojiu and Zhang, Louxin},
  journal={Information and Computation},
  volume={185},
  number={1},
  pages={41--55},
  year={2003},
  publisher={Elsevier}
}

@inproceedings{el2016computational,
  title={On the Computational Complexity of MaxSAT.},
  author={El Halaby, Mohamed},
  booktitle={Electronic Colloquium on Computational Complexity (ECCC)},
  volume={23},
  pages={34},
  year={2016}
}
